<record><leader>00000cas a2200000 a 4500</leader><controlfield tag="001">12202158</controlfield><controlfield tag="008">850626d180918uuohuwr ne      0   a0eng c</controlfield><datafield ind1=" " ind2=" " tag="010"><subfield code="a">sn 85026397 </subfield></datafield><datafield ind1=" " ind2=" " tag="040"><subfield code="a">NPX</subfield><subfield code="b">eng</subfield><subfield code="c">NPX</subfield><subfield code="d">ONP</subfield><subfield code="d">NYS</subfield><subfield code="d">BUF</subfield><subfield code="d">OCLCQ</subfield><subfield code="d">OCLCF</subfield><subfield code="d">OCLCO</subfield><subfield code="d">DLC</subfield></datafield><datafield ind1=" " ind2=" " tag="012"><subfield code="l">a</subfield></datafield><datafield ind1="0" ind2=" " tag="022"><subfield code="a">2575-1964</subfield><subfield code="2">1</subfield></datafield><datafield ind1=" " ind2=" " tag="042"><subfield code="a">pcc</subfield><subfield code="a">nsdp</subfield></datafield><datafield ind1=" " ind2=" " tag="043"><subfield code="a">n-us-oh</subfield></datafield><datafield ind1="0" ind2="0" tag="050"><subfield code="a">Newspaper</subfield></datafield><datafield ind1="1" ind2="4" tag="050"><subfield code="a">AN271</subfield><subfield code="b">.I56</subfield></datafield><datafield ind1="1" ind2="0" tag="082"><subfield code="a">070</subfield><subfield code="2">23</subfield></datafield><datafield ind1=" " ind2="0" tag="222"><subfield code="a">Impartial expositor</subfield></datafield><datafield ind1="0" ind2="0" tag="245"><subfield code="a">Impartial expositor.</subfield></datafield><datafield ind1=" " ind2=" " tag="260"><subfield code="a">St. Clairsville, Ohio :</subfield><subfield code="b">Printed by John C. Gilkison &amp; Co.,</subfield><subfield code="c">1809-</subfield></datafield><datafield ind1=" " ind2=" " tag="300"><subfield code="a">v.</subfield></datafield><datafield ind1=" " ind2=" " tag="310"><subfield code="a">Weekly</subfield></datafield><datafield ind1="0" ind2=" " tag="362"><subfield code="a">Vol. 1, no. 1 (Mar. 25, 1809)-</subfield></datafield><datafield ind1=" " ind2=" " tag="500"><subfield code="a">Only issue located. Cf. Brigham, C.S. Amer. newspapers.</subfield></datafield><datafield ind1=" " ind2=" " tag="500"><subfield code="a">References: Shaw &amp; Shoemaker 17804; Brigham, C.S. Amer. newspapers, p. 814.</subfield></datafield><datafield ind1=" " ind2=" " tag="530"><subfield code="a">Available on microfilm from Readex Microprint Corp. as part of the Early American newspapers series.</subfield></datafield><datafield ind1=" " ind2="0" tag="651"><subfield code="a">Saint Clairsville (Ohio)</subfield><subfield code="v">Newspapers.</subfield></datafield><datafield ind1=" " ind2="0" tag="651"><subfield code="a">Belmont County (Ohio)</subfield><subfield code="v">Newspapers.</subfield></datafield><datafield ind1=" " ind2="7" tag="651"><subfield code="a">Ohio</subfield><subfield code="z">Belmont County.</subfield><subfield code="2">fast</subfield><subfield code="0">(OCoLC)fst01211219</subfield></datafield><datafield ind1=" " ind2="7" tag="651"><subfield code="a">Ohio</subfield><subfield code="z">Saint Clairsville.</subfield><subfield code="2">fast</subfield><subfield code="0">(OCoLC)fst01222381</subfield></datafield><datafield ind1=" " ind2="7" tag="655"><subfield code="a">Newspapers.</subfield><subfield code="2">fast</subfield><subfield code="0">(OCoLC)fst01423814</subfield></datafield><datafield ind1="1" ind2=" " tag="700"><subfield code="a">Gilkison, John C.</subfield></datafield><datafield ind1=" " ind2=" " tag="752"><subfield code="a">United States</subfield><subfield code="b">Ohio</subfield><subfield code="c">Belmont</subfield><subfield code="d">Saint Clairsville.</subfield></datafield><datafield ind1="0" ind2=" " tag="776"><subfield code="c">Microfilm</subfield><subfield code="w">(OCoLC)40557555</subfield></datafield><datafield ind1="1" ind2=" " tag="029"><subfield code="a">AU@</subfield><subfield code="b">000020378029</subfield></datafield></record>